<?xml version="1.0" encoding="UTF-8"?><collection xmlns="http://www.loc.gov/MARC21/slim"><record><leader>00499nam--2200169-u-4500</leader><controlfield tag="001">000056832</controlfield><controlfield tag="002">20191104</controlfield><controlfield tag="005">20191104053405</controlfield><controlfield tag="008">191104s1000------------r-----000-0-eng-d</controlfield><datafield ind1=" " ind2=" " tag="041"><subfield code="a">eng</subfield></datafield><datafield ind1="1" ind2=" " tag="100"><subfield code="a">SKULLERUD, HELGE REDVALD</subfield></datafield><datafield ind1="1" ind2="0" tag="245"><subfield code="a">MOTION OF GASEOUS IONS IN ELECTROSTATIC FIELDS</subfield><subfield code="c">HELGE REDVALD SKULLERUD</subfield></datafield><datafield ind1=" " ind2=" " tag="260"><subfield code="a">TRONDHEIM, NORWAY</subfield><subfield code="b">THE UNIVERSITY OF TRONDHEIM</subfield><subfield code="c">1972</subfield></datafield><datafield ind1=" " ind2=" " tag="300"><subfield code="a">PAG.DIF</subfield></datafield><datafield ind1=" " ind2=" " tag="500"><subfield code="a">DONATIE GHEORGHE DINESCU</subfield></datafield><datafield ind1=" " ind2=" " tag="852"><subfield code="a">82779</subfield><subfield code="c">533.7</subfield></datafield><datafield ind1=" " ind2=" " tag="CAT"><subfield code="a">SYS</subfield><subfield code="c">20191104</subfield><subfield code="h">053405</subfield></datafield></record></collection>